@article{bezanson2017julia,
  title     = {Julia: A fresh approach to numerical computing},
  author    = {Bezanson, Jeff and Edelman, Alan and Karpinski, Stefan and Shah, Viral B},
  doi       = {10.1137/141000671},
  journal   = {SIAM review},
  volume    = {59},
  number    = {1},
  pages     = {65--98},
  year      = {2017},
  publisher = {SIAM}
}

@misc{Erlang,
  author = {{Ericsson AB}},
  title  = {Erlang Supervision Principles},
  url    = {https://www.erlang.org/doc/apps/stdlib/supervisor.html#module-supervision-principles},
  year   = {1996}
}

@article{CBOR,
  title   = {{RFC8949 - Concise Binary Object Representation (CBOR)}},
  author  = {C. Bormann, P. Hoffman},
  issn    = {2070-1721},
  journal = {IETF Standard Track},
  year    = 2020
}

@misc{Arrow,
  title        = {{Arrow}},
  howpublished = {\url{https://arrow.apache.org/}},
  note         = {Apache Software Foundation}
}

@misc{gRPC,
  title        = {{gRPC}},
  howpublished = {\url{https://grpc.io/}},
  note         = {A high performance, open source universal RPC framework}
}

@misc{Kafka,
  title        = {{Kafka}},
  howpublished = {\url{https://kafka.apache.org/}},
  note         = {Apache Software Foundation}
}

@misc{NATS,
  title        = {{NATS}},
  howpublished = {\url{https://nats.io/}},
  note         = {Cloud Native Computing Foundation incubating project}
}

@misc{MQTT,
  title        = {{MQTT}},
  howpublished = {\url{https://mqtt.org/}},
  note         = {OASIS standard messaging protocol for the Internet of Things (IoT)}
}
@misc{RabbitMQ,
  title        = {{RabbitMQ}},
  howpublished = {\url{https://www.rabbitmq.com/}},
  note         = {Broadcom}
}
